@book{Krumke2009a,
  title={Graphentheoretische Konzepte und Algorithmen},
  author={Krumke, S.O. and Noltemeier, H.},
  isbn={9783834806291},
  series={Leitf{\"a}den der Informatik},
  url={https://books.google.de/books?id=TcYcRlIqZnoC},
  year={2009},
  publisher={Vieweg + Teubner}
}
